<?xml version="1.0" encoding="UTF-8"?><collection xmlns="http://www.loc.gov/MARC21/slim"><record><leader>00634nam--2200193-i-4500</leader><controlfield tag="001">000029712</controlfield><controlfield tag="002">20161230</controlfield><controlfield tag="005">20161230201037</controlfield><controlfield tag="008">060222s1000------------r-----000-0-eng-d</controlfield><datafield ind1=" " ind2=" " tag="040"><subfield code="a">IFIN-HH</subfield></datafield><datafield ind1=" " ind2=" " tag="080"><subfield code="a">621.375.826(061.3)</subfield></datafield><datafield ind1="1" ind2=" " tag="100"><subfield code="a">Weber, H.P</subfield></datafield><datafield ind1=" " ind2=" " tag="245"><subfield code="a">Laser spectroscopy vi</subfield><subfield code="b">Proceedings of the sixthe international conference, interlaken, switzerland, june 27 - july 1, 1983</subfield><subfield code="c">H.P. WEBER; W. LUTHY (Eds.)</subfield></datafield><datafield ind1=" " ind2=" " tag="260"><subfield code="a">NEW YORK</subfield><subfield code="b">Springer-verlag</subfield><subfield code="c">1983</subfield></datafield><datafield ind1=" " ind2=" " tag="300"><subfield code="a">XVII + 442P</subfield></datafield><datafield ind1=" " ind2=" " tag="490"><subfield code="a">Springer Series In Optical Sciences</subfield><subfield code="v">Vol. 40</subfield></datafield><datafield ind1=" " ind2=" " tag="700"><subfield code="a">Luthy, W</subfield><subfield code="e">Ed</subfield></datafield><datafield ind1=" " ind2=" " tag="852"><subfield code="a">44207</subfield><subfield code="c">535</subfield></datafield><datafield ind1=" " ind2=" " tag="CAT"><subfield code="a">Sys</subfield><subfield code="c">20101115</subfield><subfield code="h">113008</subfield></datafield></record></collection>